@book{YDing,
author = {Yongwang Ding and Ramesh Harjani},
title = {High-Linearity CMOS RF Front-End Circuits},
date = {2006},
OPTeditor = {editor},                  %-------------------NOTES-------------------%  
OPTeditora = {editora},                %  The tag (here YDing) should be the       %
OPTeditorb = {editorb},                %  [1st letter of the authors 1st name] +   %
OPTeditorc = {editorc},                %  [his last name in camel case].           %
OPTtranslator = {translator},          %  With multiple authors (like here) only   %
OPTannotator = {annotator},            %  use the first one.                       %
OPTcommentator = {commentator},        %  (This is done in order to prevent the    %
OPTintroduction = {introduction},      %  same source appearing twice - should it  %
OPTforeword = {foreword},              %  happen, an error will be generated)      %
OPTafterword = {afterword},            %-------------------------------------------%
OPTsubtitle = {subtitle},              %  Using the auto generated entries         %
OPTtitleaddon = {titleaddon},          %  and filling in as much as possible       %
OPTmaintitle = {maintitle},            %  will make it easier to manage while      %   
OPTmainsubtitle = {mainsubtitle},      %  also avoiding a whole lot of errors.     %
OPTmaintitleaddon = {maintitleaddon},  %  To auto-generate in TeXstudio:           %
OPTlanguage = {language},              %  Bibliography--> choose your SourceType   %
OPToriglanguage = {origlanguage},      %  Remove OPT when you use an entry         %
OPTvolume = {volume},                  %-------------------------------------------%
OPTpart = {part},                      %  To compile the bibliography you need the %
OPTedition = {edition},                %  biber.exe file to be in your editors     %
OPTvolumes = {volumes},                %  directory. In Windows 8/10 it might not  %
OPTseries = {series},                  %  let you do this, so you need to open     %
OPTnumber = {number},                  %  command prompt with administrative       %---------------%
OPTnote = {note},                      %  privileges and write something like:                     %
OPTpublisher = {publisher},            %  C:\>move biber.exe "C:/Program Files (x86)/TeXstudio"    %
OPTlocation = {location},              %  For mac setup, it should be relatively                   %
OPTisbn = {9780387238029},             %  straightforward, for more information    %---------------%
OPTchapter = {chapter},                %  google: mac and biber.                   %
OPTpages = {pages},                    %------------------------------------------ %
OPTpagetotal = {pagetotal},
OPTaddendum = {addendum},
OPTpubstate = {pubstate},
OPTdoi = {doi},
OPTeprint = {eprint},
OPTeprintclass = {eprintclass},
OPTeprinttype = {eprinttype},
OPTurl = {url},
OPTurldate = {urldate},
}

@online{Biezl,
author = {Biezl},
ALTeditor = {editor},
title = {Vierquadrantensteller},
date = {2010-10-23},
url = {https://commons.wikimedia.org/wiki/File:Vierquadrantensteller.svg},
OPTsubtitle = {subtitle},
OPTtitleaddon = {titleaddon},
OPTlanguage = {language},
OPTversion = {version},
OPTnote = {note},
OPTorganization = {organization},
OPTdate = {date},
OPTmonth = {month},
OPTyear = {year},
OPTaddendum = {addendum},
OPTpubstate = {pubstate},
urldate = {2015-12-15},
}